<record><leader>00000cas a22000007a 4500</leader><controlfield tag="001">10052780</controlfield><controlfield tag="008">831025c19709999gaudr ne      0   a0eng d</controlfield><datafield ind1=" " ind2=" " tag="010"><subfield code="a">sn 83004594 </subfield></datafield><datafield ind1=" " ind2=" " tag="040"><subfield code="a">NSD</subfield><subfield code="b">eng</subfield><subfield code="c">NSD</subfield><subfield code="d">DLC</subfield><subfield code="d">NLG</subfield><subfield code="d">DLC</subfield><subfield code="d">GUA</subfield><subfield code="d">OCLCQ</subfield><subfield code="d">OCLCF</subfield><subfield code="d">OCLCO</subfield></datafield><datafield ind1=" " ind2=" " tag="012"><subfield code="m">1</subfield></datafield><datafield ind1="1" ind2=" " tag="022"><subfield code="a">0746-4665</subfield><subfield code="l">0746-4665</subfield><subfield code="2">1</subfield></datafield><datafield ind1="1" ind2=" " tag="029"><subfield code="a">AU@</subfield><subfield code="b">000025987025</subfield></datafield><datafield ind1=" " ind2=" " tag="032"><subfield code="a">079460</subfield><subfield code="b">USPS</subfield></datafield><datafield ind1=" " ind2=" " tag="037"><subfield code="a">Statesboro Herald, 1 Herald Sq., POB 888, Statesboro, Ga. 30458</subfield></datafield><datafield ind1=" " ind2=" " tag="042"><subfield code="a">nsdp</subfield></datafield><datafield ind1=" " ind2=" " tag="043"><subfield code="a">n-us-ga</subfield></datafield><datafield ind1=" " ind2="0" tag="222"><subfield code="a">Statesboro herald</subfield></datafield><datafield ind1="0" ind2="0" tag="245"><subfield code="a">Statesboro herald.</subfield></datafield><datafield ind1=" " ind2=" " tag="260"><subfield code="a">Statesboro, Ga. :</subfield><subfield code="b">Statesboro Herald Pub. Co.,</subfield><subfield code="c">[1970]-</subfield></datafield><datafield ind1=" " ind2=" " tag="310"><subfield code="a">Daily</subfield></datafield><datafield ind1=" " ind2=" " tag="321"><subfield code="a">Daily (except Sat. &amp; Sun.)</subfield></datafield><datafield ind1="0" ind2=" " tag="362"><subfield code="a">Vol. 1, no. 1 (Dec. 21, 1970)-</subfield></datafield><datafield ind1=" " ind2=" " tag="530"><subfield code="a">Also on microfilm: Athens, Ga. : University of Georgia Libraries.</subfield></datafield><datafield ind1=" " ind2="0" tag="651"><subfield code="a">Statesboro (Ga.)</subfield><subfield code="v">Newspapers.</subfield></datafield><datafield ind1=" " ind2="0" tag="651"><subfield code="a">Bulloch County (Ga.)</subfield><subfield code="v">Newspapers.</subfield></datafield><datafield ind1=" " ind2="7" tag="655"><subfield code="a">Newspapers.</subfield><subfield code="2">fast</subfield><subfield code="0">(OCoLC)fst01423814</subfield></datafield><datafield ind1=" " ind2="7" tag="651"><subfield code="a">Georgia</subfield><subfield code="z">Bulloch County.</subfield><subfield code="2">fast</subfield><subfield code="0">(OCoLC)fst01213145</subfield></datafield><datafield ind1=" " ind2="7" tag="651"><subfield code="a">Georgia</subfield><subfield code="z">Statesboro.</subfield><subfield code="2">fast</subfield><subfield code="0">(OCoLC)fst01218175</subfield></datafield><datafield ind1=" " ind2=" " tag="752"><subfield code="a">United States</subfield><subfield code="b">Georgia</subfield><subfield code="c">Bulloch</subfield><subfield code="d">Statesboro.</subfield></datafield><datafield ind1="0" ind2="0" tag="780"><subfield code="t">Bulloch herald and the Bulloch times</subfield><subfield code="w">(DLC)sn 89053585</subfield><subfield code="w">(OCoLC)19696984</subfield></datafield><datafield ind1=" " ind2=" " tag="936"><subfield code="a">Sept. 27, 1983</subfield></datafield></record>